@inproceedings{Piccolboni01,
  title={Discrete Prediction Games with Arbitrary Feedback and Loss},
  author={Piccolboni, Antonio and Schindelhauer, Christian},
  booktitle={Computational Learning Theory},
  pages={208--223},
  year={2001}
}

@article{Antos13,
  title={Toward a Classification of Finite Partial-Monitoring Games},
  author={Antos, András and Bartók, Gábor and Pál, Dávid and Szepesvári, Csaba},
  journal={Theoretical Computer Science},
  volume={473},
  pages={77--99},
  year={2013}
}

@inproceedings{Komiyama15,
  title={Regret Lower Bound and Optimal Algorithm in Finite Stochastic Partial Monitoring},
  author={Komiyama, Junpei and Honda, Junya and Nakagawa, Hiroshi},
  booktitle={Neural Information Processing Systems},
  pages={1792--1800},
  year={2015}
}

@inproceedings{Hay12,
  title={Selecting Computations: Theory and Applications},
  author={Hay, Nicholas and Russell, Stuart and Tolpin, David and Shimony, Solomon Eyal},
  booktitle={Uncertainty in Artificial Intelligence},
  year={2012}
}

@article{Bubeck12,
  title={Regret Analysis of Stochastic and Nonstochastic Multi-Armed Bandit Problems},
  author={Bubeck, Sébastien and Cesa-Bianchi, Nicolo},
  journal={Machine Learning},
  volume={5},
  number={1},
  pages={1--122},
  year={2012}
}
